%%%%%%%%%%%%%%%%%%%%%%%%%%%%%%%%%%%%%%%%%%%%%%%%%%%%%%%%%%%%%%%%%%%%%%%%%%%%%%%%%%%%%
%                               			ARTICLES
%%%%%%%%%%%%%%%%%%%%%%%%%%%%%%%%%%%%%%%%%%%%%%%%%%%%%%%%%%%%%%%%%%%%%%%%%%%%%%%
						
%%%%%%%%%%%%%%%%%%%%%%%%%%%%%%%%    Articles on GAIT


@article{stride_segmentation_technique_hmm,
  author	= "T Pfau and M Ferrari and K Parsons and A Wilson",
  title		= "A hidden Markov model-based stride segmentation technique applied to equine inertial sensor trunk movement data",
  year		= "2008",
  journal	= "Journal of Biomechanics",
  volume	= "41",
  pages		= "216-220"
}
@article{gait_phase_analysis_hmm,
  author	= "Joonbum Bae and Masayoshi Tomizuka",
  title		= "Gait Phase Analysis based on a Hidden Markov Model",
  year		= "2008",
  journal	= "Journal of Biomechanics",
  volume	= "41",
  pages		= "216-220",
  institution	= "Center for Sensorya Motor Interaction (SMI), Department of Health Science and Technology",
  address	= "Neurodan A/S, 9200 Aalborg, Denmark"
}
@article{gait_event_detection_analysis,
  author	= "J. Rueterbories and E. G. Spaich and B. Larsen and O. K. Andersen",
  title		= "Methods for gait event detection and analysis in ambulatory systems",
  year		= "2010",
  journal	= "Medical Engineering and Physics",
  volume	= "32",
  pages		= "545-552",
  institution	= "Center for Sensory-Motor Interaction (SMI), Department of Health Science and Technology",
  address	= "Neurodan A/S, 9200 Aalborg, Denmark"
}

@article{walking_features_from_inertials,
	author = {A. M. Sabatini and  C. Martelloni and S. Scapellato and F. Cavallo},
	title = {Assessment of walking features from foot inertial sensing},
	year  = {2005},
	journal = {IEEE Transactions on Biomedical Engineering},
	volume = {52},
	pages = {486-494},
	institution = {Scuola Superiore Sant'Anna},
	address	= {Piazza Martiri della Libertà  3356124 Pisa, Italy}
}

@article{FES_foot_drop_correction,
	author = {G. M. Lyons and R. T. Sinkjaer and J. H. Burridge and D. J. Wilcox},
	title = {A review of portable FES-based neural orthosis for the correction of drop foot.},
	year  ={2002},
	journal = {IEEE Transactions on Neural Systems and Rehabilitation Engeneering},
	volume = {10},
	pages = {260-279},
	institution = {University of Limerick, Northwestern University, Chicago, National University
of Ireland, University of Southampton},
}

@article{leg_muscle_electical_stimulator,
	author = {P. Strojnik and A. Kralj and I. Ursic},
	title = {Programmed Six-Channel Electrical Stimulator for Complex Stimulation of Leg Muscles During Walking},
	year  ={1979},
	journal = {IEEE Transactions on Biomedical Engineering },
	volume = {BME-26},
	pages = {112-116},
	institution = {Faculty of Electrical Engineering, University of Ljubljana}
}

@article{real_time_parap_gait_event_detection,
	author = {M. M. Skelly and H. J. Chizeck},
	title = {Real-time gait event detection for paraplegic FES walking},
	year  ={2001},
	journal = {IEEE Engineering in Medicine and Biology Society},
	volume = {9},
	pages = {59-68},
	institution = {Department of Electrical Engineering and Computer Science, Case Western, Reserve University},
	address = {Cleveland, OH, USA}
}

@article{foot_contact_masure,
	author = {J. Nilsson and V. P. Stokes and A. Thorstensson},
	title = {A new method to measure foot contact},
	year  ={1985},
	journal = {Journal of Biomechanics},
	volume = {18},
	pages = {625-627},
	institution = {Department of Physiology III, Karolinska Institutet},
	address = {Lidingovagen 1, S-114 33 Stockholm, Sweden}
}

@article{heel_contact_event_detection,
	author = {A. Mansfield, G. M. Lyons},
	title = {The use of accelerometry to detect heel contact events for use as a sensor in FES assisted walking},
	year  ={2003},
	journal = {Medical Engineering Physics},
	volume = {25},
	pages = {879-885},
	institution = {Biomedical Electronics Lab, Departmente of Electronics and Computer Science, University of Limerick},
	address = {Limerick, Ireland}
}

@article{swing_phase_detection_stroke_gait,
	author = {Y. Shimada and S. Ando and T. Matsunaga and A. Misawa and T. Aizawa and T. Shirahata and E. Itoi},
	title = {Clinical Application of Acceleration Sensor to Detect the Swing Phase of Stroke Gait in Functional Electrical Stimulation},
	year  ={2005},
	journal = {The Tohoku Journal of Experimental Medicine},
	volume = {207(3)},
	pages = {197-202},
	institution = {Rehabilitation Division, Akita University Hospital, Department of Orthopedic Surgery, Akita University School of Medicine},
	address = {Akita, Japan}
}

@article{stair_climbing_detection_gyr,
	author = {B. Coley and B. Najafi and A. Paraschiv-Ionescu and K. Aminian},
	title = {Stair climbing detection during daily physical activity using a miniature gyroscope},
	year  ={2005},
	journal = {Gait \& Posture},
	volume = {22(4)},
	pages = {287-294},
	institution = {Laboratory of Movement Analysis and Measurement, Ecde Polytechnique Fédérale de Lausanne},
	address = {CH-1015 Lausanne, Switzerland}
}

@article{practical_gait_analysis_gyr,
	author = {K. Tong and M. H. Granat},
	title = {A practical gait analysis system using gyroscopes},
	year  ={1999},
	journal = {Medical Engineering \& Physics},
	volume = {21(2)},
	pages = {87-94},
	institution = {Bioengineering Unit, Wolfson Center, University of Strathclyde},
	address = {Glasgow, G4 ONW, UK}
}

@article{unrestrained_measurement_stride_length_gyr,
	author = {S. Miyazaki},
	title = {Long-term unrestrained measurement of stride length and walking velocity utilizing a piezoelectric gyroscope},
	year  ={1997},
	journal = {IEEE Transactions on Bio-Medical Engineering},
	volume = {44(8)},
	pages = {753-759},
	institution = {Institute for Medical and Dental Engineering, Tokyo Medical and Dental University},
	address = {Tokyo}
}

@article{spatio_temporal_params_gait_gyr,
	author = {K. Aminian and B. Najafi and C. Bula and P. F. Leyvraz and P. Robert},
	title = {Spatio-temporal parameters of gait measured by an ambulatory system using miniature gyroscopes},
	year  ={2002},
	journal = {Journal of Biomechanics},
	volume = {35(5)},
	pages = {689-99},
	institution = {Metrology Laboratory, Swiss Federal Institute of Technology (EPFL)},
	address = {CH-1015 Lausanne, Switzerland}
}

@article{gait_event_detection_FES_acc_ML,
	author = {R. Williamson and B. J. Andrews },
	title = {Gait event detection for FES using accelerometers and supervised machine learning},
	year  ={2000},
	journal = {IEEE Transactions on Rehabilitation Engineering},
	volume = {8(3)},
	pages = {312 - 319},
	institution = {},
	address = {Sicond Sight, Valencia, CA}
}

@article{HMM_gesture_recognition,
	author = {A.D. Willson and A.F.Bobick},
	title = {Gait event detection for FES using accelerometers and supervised machine learning},
	year  ={1999},
	journal = {IEEE Transactions on Pattern Analysis and Machine Intelligence},
	volume = {21},
	pages = {884 - 900},
}

@article{kimematics_measurements_acc_gyr,
	author = {R. E. Mayagoitia  and A. V. Nene and P. H. Veltink},
	title = {Accelerometer and rate gyroscope measurement of the kinematics: an inexpensive alternative to optical motion analysis systems},
	year  = {2002},
	journal = {Journal of Biomechanics},
	volume = {35(4)},
	pages = {537-542},
	institution = {Applied Bio-Mechanics Department, Kings Collage London},
	address = {London}
}

@article{reliable_gait_phase_analysis,
	author = {I. P. Pappas and M. R. Popovic and T. Keller and V. Dietz and M. Morari},
	title = {A reliable gait phase detection system},
	year  ={2001},
	journal = {IEEE Transactions on Neural Systems and Rehabilitation Engineering},
	volume = {9(2)},
	pages = {113-125},
	institution = {Automation Control Lab., Swiss Federal Institute of Technology},
	address = {Zurich, Switzerland}
}

@article{reliable_gait_phase_detection_gyr,
	author = {I. P. Pappas and M. R. Popovic and T. Keller and V. Dietz and M. Morari},
	title = {A reliable gyroscope-based gait-phase detection sensor embedded in a shoe insole},
	year  = {2004},
	journal = {Ieee Sensors Journal},
	volume = {4(2)},
	pages = {268-274},
	institution = {Automation Control Lab., Swiss Federal Institute of Technology},
	address = {Zurich, Switzerland}
}

@article{walking_movement_pattern_quantification_acc,
	author = {J. J. Kavanagh and H. B. Menz},
	title = {Accelerometry: a technique for quantifying movement patterns during walking},
	year  ={2008},
	journal = {Gait \& Posture},
	volume = {28(1)},
	pages = {1-15},
	institution = {School of Physiotherapy and Exercise Science, Griffith University},
	address = {Gold Coast Campus, PMB 50 Gold Coast Mail Centre, Queensland 9726, Australia}
}

@article{human_body_movement_measurement_acc,
	author = {J. R. W. Morris},
	title = {Accelerometry-A technique for the measurement of human body movements},
	year  ={1973},
	journal = {Journal of Biomechanics},
	volume = {6(6)},
	pages = {729-732},
	institution = {Nuffield Department of Orthopaedic Surgery, Department of Engineering Science, University of Oxford UK},
	address = {Oxford, UK}
}

@article{real_time_gait_assessment_acc,
	author = {A. T. Willemsen and J. A. van Alsté and H. B. Boom},
	title = {Real-time gait assessment utilizing a new way of accelerometry},
	year  ={1990},
	journal = {Journal of Biomechanics},
	volume = {23(8)},
	pages = {859-863},
	institution = {Department of Electrical Engineering, University of Twente},
	address = {Enschede, The Netherlands}
}

@article{lower_extreamity_angle_measurement_acc,
	author = {A. T. Willemsen and C. Frigo and H. B. K. Boom },
	title = {Lower extremity angle measurement with accelerometers-error and sensitivity analysis},
	year  ={1991},	
	journal = {IEEE Transactions on Biomedical Engineering},
	volume = {38(12)},
	pages = {1186-1193},
	institution = {Department of Electrical Engineering, Twente University},
	address = {Enschede, Netherlands}
}

@article{novel_approach_ambulatory_systems,
	author = {K. Liu and T. Liu and K. Shibata and Y. Inoue and R. Zheng},
	title = {Novel approach to ambulatory assessment of human segmental orientation on a wearable sensor system},
	year  = {2009},	
	journal = {Journal of Biomechanics},
	volume = {42(16)},
	pages = {2747-1752},
	institution = {Department of Intelligent Mechanical Systems Engineering, Kochi University of Technology},
	address = {185 Miyanokuchi, Tosayamada-cho, Kochi 782-8502, Japan}
}

@article{walking_restoration_assistive_sensors,
	author = {M. D. Duric and S. Dosen and M. Popovic and D. B. Popovic},
	title = {Sensors for assistive system for restoring of the walking},
	year  = {2008},	
	journal = {Proceedings 52nd ETRAN Conference, Society for Electronics, Telecommunications, Computers, Automatic Control and Nuclear Engineering},
	volume = {63(1)},
	pages = {978-986},
	institution = {Center for Robotic Research, Center for Sensory-Motor Interaction, Department of Health Science and Technology},
	address = {Palic, Serbia}
}

@article{gait_phase_automatic_recognition_acc,
	author = {M. D. Duric},
	title = {Automatic recognition of gait phases from accelerations of leg segments},
	year  = {2008},	
	journal = {9th Symposium on Neural Network Applications in Electrical Engineering},
	volume = {63(1)},
	pages = {121-124},
	institution = {Center for Robotic Research, Center for Sensory-Motor Interaction, Department of Health Science and Technology},
	address = {	Belgrade, Serbia}
}

@article{uniaxial_joint_angles_measure_acc_gyr,
	author = {H. Dejnabadi and B. M. Jolles and K. Aminian},
	title = {A new approach to accurate measurement of uniaxial joint angles based on a combination of accelerometers and gyroscopes},
	year  = {2005},
	journal = {IEEE Transactions on Biomedical Engineering},
	volume = {52(8)},
	pages = {1478-1484},
	institution = {Lab. of Movement Analysis \& Measurements, Ecole Polytechnique Federal de Lausanne},
	address = {Lausanne, Switzerland }
}

@article{reliability_acc_gyr_gait_event_id,
	author = {Lau H, Tong K.},
	title = {The reliability of using accelerometer and gyroscope for gait event identification on persons with dropped foot},
	year  ={2008},
	journal = {Gait \& Posture},
	volume = {27(2)},
	pages = {248-257},
	institution = {Department of Health Technology and Informatics, The Hong Kong Polytechnic University},
	address = { Hong Kong SAR, China}
}

@article{gait_event_detection_acc_gyr,
	author = {J. M. Jasiewicz and J. H. Allum and J. W. Middleton and A. Barriskill and P. Condie and B. Purcell and R. C. Li},
	title = {Gait event detection using linear accelerometers or angular velocity transducers in able-bodied and spinal-cord injured individuals},
	year  = {2006},
	journal = {Gait \& Posture},
	volume = {24(4)},
	pages = {502-509},
	institution = {School of Human Movement Studies, Centre for Health Research, Queensland University of Technology},
	address = {Kelvin Grove, Queensland 4059, Australia}
}

@article{wearable_sensor_sys,
	author = {T. Liu and Y. Inouea and K. Shibata},
	title = {Development of a wearable sensor system for quantitative gait analysis},
	year  ={2009},
	journal = {Measurement},
	volume = {42(7)},
	pages = {978-988},
	institution = {Department of Intelligent Mechanical Systems Engineering, Kochi University of Technology},
	address = {185 Miyanokuchi, Tosayamada-cho, Kami-city, Kochi 782-8502, Japan}
}

@article{kinematic_transients_locomotion,
	author = {G. Wu and  Z. Ladin},
	title = {The study of kinematic transients in locomotion using the integrated kinematic sensor},
	year  ={1996},
	journal = {IEEE Transactions on Rehabilitation Engineering},
	volume = {4(3)},
	pages = {193-200},
	institution = {Department of Kinesiology, Pennsylvania State University},
	address = {University Park, Pennsylvania}
}

@article{3d_sensing_foot_movement,
	author = {P. H. Veltink and P. Slycke and J. Hemssems and R. Buschman and G. Bultstra and H. Hermens },
	title = {Three dimensional inertial sensing of foot movements for automatic tuning of a two-channel implantable drop-foot stimulator},
	year  ={2003},
	journal = {Medical  Engineering and Physics},
	volume = {25(1)},
	pages = {21-28},
	institution = {Institute for Biomedical Technology (BMTI), University Twente},
	address = {P.O. Box 217, 7500 AE Enschede, The Netherlands}
}

@article{sensor_sys_lower_limbs_FES_control,
	author = {R. Williamson and B. J. Andrews},
	title = {Sensor systems for lower limb functional electrical stimulation (FES) control},
	year = {2000},
	journal = {Medical Engineering \& Physics},
	volume = {22(5)},
	pages = {313-325},
	institution = {Department of Biomedical Engineering, 10-102 Clinical Sciences Building, University of Alberta},
	address = {Edmonton, Canada}
}

@article{inertial_magnetic_sensor_joint_angle_measure,
	author = {K. J. O'Donovan and R. Kamnik and D. T. O'Keeffe and G. M. Lyons},
	title = {An inertial and magnetic sensor based technique for joint angle measurement},
	year = {2007},
	journal = {Journal of Biomechanics},
	volume = {40(12)},
	pages = {2604-2611},
	institution = {Biomedical Electronics Laboratory, Department of Electronic and Computer Engineering, University of Limerick},
	address = {Limerick, Ireland}
}

@article{spatio_temporal_gait_paramerters,
	author = {S. W. Lee and K. Mase and K. Kogure},
	title = {Detection of spatio-temporal gait parameters by using wearable motion sensors},
	year = {2005},
	journal = {IEEE Engineering Medical Biol Soc.},
	volume = {7},
	pages = {6836-6839},
	institution = {Division of Information Engineering \& Telecommunication, Hallym University},
	address = {Chunchon, South-Korea}
}

@article{real_time_gait_event_det_wearable,
	author = {M. Hanlon and R. Anderson},
	title = {Real-time gait event detection using wearable sensors},
	year = {2009},
	journal = {Gait \& Posture},
	volume = {30(4)},
	pages = {523-527},
	institution = {Sport and Exercise Sciences Research Institute, University of Ulster, School of Sports Studies},
	address = {Jordanstown, Co. Antrim, Northern Ireland}
}

@article{automatic_detection_gait_events_kinematic,
	author = {C. M. O'Connor and S. K. Thorpe and M. J.  O'Malley and C. L. Vaughan},
	title = {Automatic detection of gait events using kinematic data},
	year = {2007},
	journal = {Gait \& Posture},
	volume = {25(3)},
	pages = {469-474},
	institution = {School of Electrical, Electronic and Mechanical Engineering, University College Dublin},
	address = {Belfield, Dublin 4, Ireland}
}

@article{automatic_detection_gait_events_inductive_learning,
	author = {C. A. Kirkwood and B. J. Andrews and P. Mowforth},
	title = {Automatic detection of gait events: a case study using inductive learning techniques},
	year = {1989},
	journal = {Journal of Biomedical Engineering},
	volume = {11(6)},
	pages = {511-516},
	institution = {Bioengineering Unit, University of Strathclyde},
	address = {Glasgow, UK}
}

@article{finite_state_control_FES,
	author = {P. C. Sweeney and G. M. Lyons and P. H. Veltink},
	title = {Finite state control of functional electrical stimulation for the rehabilitation of gait},
	year  ={},
	journal = {MEDICAL AND BIOLOGICAL ENGINEERING AND COMPUTING},
	volume = {38(2)},
	pages = {121-126},
	institution = {Center for Biomedical Electronics, Department of Electronic and Computer Engineering, University of Limerik},
	address = {National Technological Park, Limerik, Ireland}
}

@article{human_physical_activity_classification_ml,
  author	= "A. Mannini and A. M. Sabatini",
  title		= "Machine Learning Methods for Classifying Human Physical Activity from On-Body Accelerometers",
  year		= "2010",
  journal	= "Sensors",
  volume	= "10",
  pages		= "1154-1175",
  institution	= "ARTS Lab, Scuola Superiore Sant'Anna",
  address	= "Piazza Martiri della Libertà  3356124 Pisa, Italy"
}

@article{activity_learning_detection_from_movement_trajectories_hhmm,
  author	= "N. T. Nguyen and D. Q. Phung and S. Venkatesh and H. Bui ",
  title		= "Learning and Detecting Activities from Movement Trajectories Using the Hierarchical Hidden Markov Model",
  institution	= "Department of Computing,Curtin University of Technology",
  address	= "GPO Box U 1987, Perth, Western Australia",
  institution	= "Artificial Intelligence Center SRI International",
  address	= "33 Ravenswood Ave, Menlo Park CA 94025, USA"
}
@article{physical_activity_recognition,
	author = "J. Lester and T. Choudhury and G. Borriello",
	title = "A Practical Approach to Recognizing Physical Activities",
	year  = "2006",
	journal = "Pervasive Computing"
}

@article{Herbrand_gait,
	author = {Milton Hildebrand},
	title = {The Quadrupedal Gaits of Vertebrates},
	year  ={1989},
	journal = {BioScience},
	volume = {39},
	pages = {766-775}
}
%%%%%%%%%%%%%%%%%%%%%%%%%%%%%%%%    Articles on OTHER TOPICS

@article{surgical_skills_evaluation_hmm,
  author	= "J. Rosen and B. Hannaford and C. G. Richards and M. N. Sinanan",
  title		= "Markov Modeling of Minimally Invasive Surgery Based on Tool/Tissue Interaction and Force/Torque Signatures for Evaluating Surgical Skills",
  year		= "2001",
  journal	= "IEEE TRANSACTIONS ON BIOMEDICAL ENGINEERING",
  volume	= "48",
  number	= "5",
  pages		= "579-591",
  institution	= "Department of Electrical Engineering, Department of Surgery, University of Washington",
  address	= "Seattle, WA 98195 USA"
}

%%%%%%%%%%%%%%%%%%%%%%%%%%%%%%%%    Articles on the STATE OF ART

@article{tutorial_hmm_application_speech_recognition,
  author	= "L. R. Rabiner",
  title		= "A Tutorial on Hidden Markov Models and Selected Applications in Speech Recognition",
  year		= "1989",
  journal	= "PROCEEDINGS OF THE IEEE",
  volume	= "77",
  number	= "2",
  pages		= "257-287"
}

@article{synface_low_latency_viterbi,
  author	= "Alexander Seward",
  title		= "Low Latency Incremental Speech Transcription in the Synface Project",
  year		= "2003",
  journal	= "EUROSPEECH",
  volume	= "2003",
  pages		= "1141-1145"
}

@article{automatic_bass_line_transcript,
	author	= "Matti Ryynanen and Anssi Klapuri",
  title		= "AUTOMATIC BASS LINE TRANSCRIPTION FROM STREAMING POLYPHONIC AUDIO",
  year		= "2007",
  journal	= "ICASSP 2007",
  volume	= "IV",
  pages		= "1437-1440"
}

@article{real_time_viterbi_optimization_multi_target_tracking,
	author	= "Håkan Ardö and Kalle Åström and Rikard Berthilsson",
  title		= "Real Time Viterbi Optimization of Hidden Markov Models for Multi
Target Tracking",
  year		= "Feb-2007",
  journal	= "IEEE Workshop on Motion and Video Computing",
  pages		= "1-8"
}

@article{short_time_viterbi_online_hmm_deconding,
	author	= "Julien Blot, Xavier Rodet",
  title		= "SHORT-TIME VITERBI FOR ONLINE HMM DECODING : EVALUATION ON A REAL-TIME PHONE RECOGNITION TASK",
  year		= "4/4/2008",
  journal	= "Acoustics, Speech and Signal Processing, 2008. ICASSP 2008. IEEE International Conference",
  pages		= "1-8"
}

@article{intro_variable_feature_selection,
  author	= "I. Guyon and A. Elisseeff",
  title		= "An Introduction to Variable and Feature Selection",
  year		= "2003",
  journal	= "Journal of Machine Learning Research",
  volume	= "3",
  pages		= "1157-1182",
  institution	= "Clopinet, Empirical Inference for Machine Learning and Perception Department
Max Planck Institute for Biological Cybernetics",
  address	= "Berkeley, y, CA 94708-1501, US,Tubingen,Germany "
}

@article{maximization_technique_stat_analysis_fun_markov_ch,
	author = "L. Baum and T. Petrie and G. Soules and N. Weiss",
	title = "A Maximization technique occurring in the  statistical analysis of the probabilisti functions of Markov Chains",
	year  = "1970",
	journal = "The Annals of Mathematical Statistics",
	volume = "41",
	pages = "164-171",
	institution = "Institute for Defense Analyses, California Institute of Technology and Columbia University"
}


@article{Mercer_interpolation_markov_params_sparse_data,
	author = "F. Jelinek and R. L. Mercer",
	title = "Interpolated estimation of Markov source parameters from sparse data",
	year  = "1980",
	journal = "Pattern Recognition in Practice 381-397",
	volume = "1980",
	pages = "381-397"
}

@article{ambulatory_devices_gait_disorders,
	author = "F.W. VAN HOOK and D. DEMONBREUN and B.D. WEISS",
	title = "Ambulatory Devices for Chronic Gait Disorders in the Elderly",
	year  = "2003",
	journal = "American Family Physician",
	volume = "67",
	pages = "1717-1724"
}

%%%%%%%%%%%%%%%%%%%%%%%%%%%%%%%%%%%%%%%%%%%%%%%%%%%%%%%%%%%%%%%%%%%%%%%%%%%%%%%%%%%%%
%                               			BOOKS
%%%%%%%%%%%%%%%%%%%%%%%%%%%%%%%%%%%%%%%%%%%%%%%%%%%%%%%%%%%%%%%%%%%%%%%%%%%%%%%%%%%%

%%%%%%%%%%%%%%%%%%%%%%%%%%%%%%%%    Books on MACHINE LEARNING and PATTERN RECOGNITION

@book{Bishop_pattern_recognition_machine_learning,
  author	= "C. M. Bishop", 
  title		= "Pattern Recognition and Machine Learning", 
  publisher	= "Springer", 
  year		= "2006",
  series	= "Information Science and Statistics", 
  address	= "Microsoft Research Ltd Cambridge CB3 0FB, U.K."
}

@book{Cristianini_svm,
  author	= "N. Cristianini and J. S. Taylor", 
  title		= "An introduction to Support Vector Machines and other kernel-based learning methods", 
  publisher	= "Cambridge University Press", 
  year		= "2001"
}

@book{Duda_pattern_classification,
  author	= "R. O. Duda and P. E. Heart and D. G. Stork", 
  title		= "Pattern Classification", 
  publisher	= "Wiley and Sons, New York", 
  year		= "2001",
  edition	= "2nd"
}
@book{Webb_statistical_pattern_recognition,
  author	= "A. Webb", 
  title		= "Statistical Pattern Recognition", 
  publisher	= "Wiley and Sons", 
  year		= "2002", 
  edition	= "2nd"
}
@book{Alpaydin_introduction_machine_learning,
  author	=  "E. Alpaydin",
  title		=  "Introduction to Machine Learning",
  publisher	= "MIT Press", 
  year		= "2004"
 }
@book{Wang_machine_learning_human_motion_analysis,
  author	= "L. Wang and L. Cheng and G. Zhao", 
  title		= "Machine Learning for Human Motion Analysis: Theory and Practice", 
  publisher	= "Medical Information Science Reference", 
  year		= "2010"
 }
@book{Fink_markov_models_pattern_recognition,
  author = "G. A. Fink", 
  title	= "Markov Models for Pattern Recognition, From Theory to Applications", 
  publisher	= "Springer", 
  year		= "2003",
  address	= "Department of Computer Science, University of Dortmund, Otto-Hahn-Str. 16 44221 Dortmund Germany" 
}
@book{Van_der_Heijden_classification_parameter_estimation_state_estimation,
  author	= "F. van der Heijden and R. P. W. Duin and D. de Ridder and D. M. J. Tax", 
  title		= "Classification, Parameter Estimation and State Estimation An Engineering Approach using MATLAB", 
  publisher	= "Wiley and Sons", 
  year		= "2006" 
 }
 
 @book{Hall_basic_biomechanics,
	author = {Susan Jean Hall},
	title = {Basic Biomechanics},
	year = {2006},
	publisher = {McGraw-Hill}
}
%%%%%%%%%%%%%%%%%%%%%%%%%%%%%%%%%  Kinesiology
@book{Weber_mechanics_human_motion,
	author = "Wilhelm Eduard Weber and Ernst Heinrich Weber",
	title = "Mechanik der Menschlichen Gehwerkzauge, The Mechanics of Human Motion",
	year = "Gottingen, 1836",
	publisher = "Gottinger"
}



 %%%%%%%%%%%%%%%%%%%%%%%%%%%%%%%%    Books on NUMERICAL ANALYSIS, ALGORITHMS
 
@book{Press_numerical_recepies,
  author	= "W. H. Press and S. A. Teukolsky and W. T. Vetterling and B. P. Flannery", 
  title		= "Numerical Recepies, the art of scientific computing", 
  publisher	= "Cambridge University Press", 
  year		= "2007", 
  edition	= "3rd"
}

@book{Press_numerical_recepies_C,
  author	= "W. H. Press and S. A. Teukolsky and W. T. Vetterling and B. P. Flannery",
  title		= "Numerical Recipes in C, The Art of Scientific Computing", 
  publisher	= "Cambridge University Press", 
  year		= "1997",
  edition	= "2nd"
}
@book{Douglas_classical_mechanics,
	author = "R. G. Douglas",
	title = "Clasical Mechanics",
	year = "2006",
	publisher = "Cambridge University Press"
}

%%%%%%%%%%%%%%%%%%%%%%%%%%%%%%%%%% Android
@book{Gargenta_android,
	author = "Marko Gargenta ",
	title = "Learning Android",
	year = "2011",
	publisher = "O'Reilly Media"
}

%%%%%%%%%%%%%%%%%%%%%%%%%%%%%%%%%%%%%%%%%%%%%%%%%%%%%%%%%%%%%%%%%%%%%%%%%%%%%%%%%%%%%
%                               			CONFERENCES
%%%%%%%%%%%%%%%%%%%%%%%%%%%%%%%%%%%%%%%%%%%%%%%%%%%%%%%%%%%%%%%%%%%%%%%%%%%%%%%%%%%%

@conference{dance_partner_robot,
  author	= "K. Kosuge and T. Hayashi and Y. Hirata and R. Tobiyama",
  title		= "Dance Partner Robot -Ms DanceR-",
  organization	= "Department of Machine Intelligence and System Engeneering, Tokyo University", 
  address	= "Aoba-yama 01, Sendai 980-8579, JAPAN"
}

@conference{human_intention_recognition_hhmm,
  author	= "C. Zhu and Q. Cheng and W. Sheng",
  title		= "Human Intention Recognition in Smart Assisted Living Systems Using A Hierarchical Hidden Markov Model",
  booktitle	= "4th IEEE Conference on Automation Science and Engineering",
  year		= "2008",
  organization	= "School of Electrical and Computer Engineering Oklahoma State University",
  address	= "Key Bridge Marriott, Washington DC, USA"
}


%%%%%%%%%%%%%%%%%%%%%%%%%%%%%%%%%%%%%%%%%%%%%%%%%%%%%%%%%%%%%%%%%%%%%%%%%%%%%%%%%%%%%
%                               			WEB RESOURCES
%%%%%%%%%%%%%%%%%%%%%%%%%%%%%%%%%%%%%%%%%%%%%%%%%%%%%%%%%%%%%%%%%%%%%%%%%%%%%%%%%%%%

@manual{matlab_tutorial_online,
	author = "MathWorks",
	title  ="Matlab Tutorial",
	year = "2008",
	url = "http://www.mathworks.com/academia/student_center/tutorials/launchpad.html"
}
	
@manual{merriam-webste_Online,
	title  ="kinesiology",
	year = "2011",
  url = "http://www.merriam-webster.com/dictionary/kinesiology"
}	
	

@ELECTRONIC{Encyclopedia_Britannica_online,
	title  ="kinematics",
	year = "2011",
	url = "http://www.britannica.com/EBchecked/topic/318099/kinematics"
}
@electronic{machine_learning,
	author = "Tom Mitchel",
	title = "The Discipline of Machine Learning",
	year  ="2006",
	institution = "School of Computer Science, Carnegie Mellon University, Pittsburgh, PA 15213",
	url = "http://www.cs.cmu.edu/~tom/"
}

@electronic{android_dev,
	author = "Google",
	title = "Android Developers",
	year  ="2011",
	institution = "Google Inc.",
	url = "http://developer.android.com"
}

@electronic{linux_kernel,
	author = " Linux Kernel Organization, Inc",
	title = "Linux kernel 2.6, 17/12/2003",
	year  ="2003",
	institution = "The Linux Kernel Archives, California Public Benefit Corporation ",
	url = "http://www.kernel.org/pub/linux/kernel/v2.6/"
}

@electronic{packetVideo_openCore,
	author = "Packet Video Inc",
	title = "OpenCore",
	year = "2007",
	institution = "PacketVideo",
	url = "http://www.packetvideo.com/press_releases/11_05_2007.html"
}

@electronic{LibWeb,
	author = "Colin Kong",
	title = "LibWeb 0.02 A Perl library/toolkit for building Web applications",
	year = "2000",
	institution = "PacketVideo",
	url = "http://cpan.uwinnipeg.ca/htdocs/LibWeb/"
}

@electronic{OpenGl,
	author = "OpenGL.org",
	title = "The Industry's Foundation for High Performance Graphics
FROM GAMES TO VIRTUAL REALITY, MOBILE PHONES TO SUPERCOMPUTERS",
	year = "Relese 4.2 August 2011",
	institution = "Silicon Graphics, Khronos Group",
	url = "http://www.opengl.org/documentation"
}

@electronic{FreeType,
	author = "David Turner and Robert Wilhelm and Werner Lemberg and the FreeType contributors",
	title = "The Free Type Project",
	year = "Relese 2.4.7 October 2011",
	url = "http://www.freetype.org/"
}

@electronic{OpenSSL,
	author = "Eric A. Young and Tim J. Hudson. and the OpenSSL community",
	title = "Cryptogpaphy and SSL/TLS Toolkit",
	year = "Relese 2.4.7 October 2011",
	url = "http://www.openssl.org/"
}


@electronic{Java,
	author = "Eric A. Young and Tim J. Hudson. and the OpenSSL community",
	title = "Oracle",
	year = "Relese 7 October 2011",
	url = "http://www.java.com/"
}

@electronic{JDK_Tools,
	author = "Oracle Corporation",
	title = "Oracle",
	year = "Relese  October 2011",
	url = "http://download.oracle.com/javase/1.5.0/docs/tooldocs/"
}

@electronic{OpenJDK,
	author = "Oracle Corporation",
	title = "Open source imlementation of the Java Platform, Standard Edition and related projects.",
	year = "Bylaws Relese  October 2011",
	url = "http://openjdk.java.net/"
}

@electronic{Apache_Harmony,
	author = "Apache Harmony\tm",
	title = "Open source Java SE",
	year = "Resese 5.0, 2010",
	url = "http://openjdk.java.net/"
}

@electronic{Apache_Ant,
	author = "Apache Software Foundation",
	title = "The Apache Ant Project",
	year = "Release 1.8.2 December 2010 ",
	url = "http://ant.apache.org/"
}

@electronic{HMM_toolbox,
	author = "Kevin Murphy",
	title = "Hidden Markov Model (HMM) Toolbox for Matlab",
	year = "1998",
	url = "http://www.cs.ubc.ca/~murphyk/Software/HMM/hmm.html"
}

@electronic{vicon.com,
	author = "Vicon Motion Systems",
	title = "Vicon, Oxford UK",
	year = "1989",
	url = "http://www.vicon.com/products/system.html"
}

@electronic{agile,
	author = "Scott Ambler",
	title = "Effective Practices for Modeling and Documentation",
	year = "2001",
	url = "http://www.agilemodeling.com/"
}

@electronic{unit_test,
	author = "Wikipedia",
	title = "Unit testing",
	year = "2009",
	url = "http://en.wikipedia.org/wiki/Unit_testing"
}